[gd_scene load_steps=3 format=2]

[ext_resource path="res://Coin/Coin.tscn" type="PackedScene" id=1]

[sub_resource type="PhysicsMaterial" id=1]

[node name="PileOCoins" type="Node2D"]
editor/display_folded = true

[node name="Coin3" parent="." instance=ExtResource( 1 )]
position = Vector2( 19.2993, -2.08326 )
physics_material_override = SubResource( 1 )

[node name="Coin6" parent="." instance=ExtResource( 1 )]
position = Vector2( 12.3577, -6.38039 )
physics_material_override = SubResource( 1 )

[node name="Coin7" parent="." instance=ExtResource( 1 )]
position = Vector2( -2.62715, -6.27021 )
physics_material_override = SubResource( 1 )

[node name="Coin8" parent="." instance=ExtResource( 1 )]
position = Vector2( 4.53475, -10.5674 )
physics_material_override = SubResource( 1 )

[node name="Coin9" parent="." instance=ExtResource( 1 )]
position = Vector2( 2.66164, -15.195 )
physics_material_override = SubResource( 1 )

[node name="Coin10" parent="." instance=ExtResource( 1 )]
position = Vector2( 3.65329, -19.7126 )
physics_material_override = SubResource( 1 )

[node name="Coin11" parent="." instance=ExtResource( 1 )]
position = Vector2( 2.66164, -24.3402 )
physics_material_override = SubResource( 1 )

[node name="Coin4" parent="." instance=ExtResource( 1 )]
position = Vector2( 4.53838, -1.97935 )
physics_material_override = SubResource( 1 )

[node name="Coin12" parent="." instance=ExtResource( 1 )]
position = Vector2( 5.30603, -29.0781 )
physics_material_override = SubResource( 1 )

[node name="Coin13" parent="." instance=ExtResource( 1 )]
position = Vector2( 3.32273, -33.7058 )
physics_material_override = SubResource( 1 )

[node name="Coin14" parent="." instance=ExtResource( 1 )]
position = Vector2( 5.19585, -38.003 )
physics_material_override = SubResource( 1 )

[node name="Coin5" parent="." instance=ExtResource( 1 )]
position = Vector2( -9.94335, -2.00473 )
physics_material_override = SubResource( 1 )
